@book{kopka,
  author = "Helmut Kopka and Patrick W.~Daly",
  title = "A Guide to \LaTeXe: Document Preparation for Beginners and Advanced Users",
  publisher = "Addison-Wesley Publishing Company",
  year = "1995",
  edition = "Second",
  address = "Wokingham, England"
}

@booklet{pdfcrop,
  author = {Heiko Oberdiek},
  title = {pdfcrop},
  howpublished = {http://www.ctan.org/tex-archive/support/pdfcrop/},
  year = {2002}
}

@Article{mnih2013playing,
  author  = {Mnih, Volodymyr and Kavukcuoglu, Koray and Silver, David and Graves, Alex and Antonoglou, Ioannis and Wierstra, Daan and Riedmiller, Martin},
  title   = {Playing Atari with Deep Reinforcement Rearning},
  journal = {arXiv preprint arXiv:1312.5602},
  year    = {2013},
}

@InProceedings{castillo2003learning,
  author    = {Castillo, Lourdes Pena and Wrobel, Stefan},
  title     = {Learning minesweeper with multirelational learning},
  booktitle = {IJCAI},
  year      = {2003},
  pages     = {533--540},
}

@Article{mnih2015human,
  author    = {Mnih, Volodymyr and Kavukcuoglu, Koray and Silver, David and Rusu, Andrei A and Veness, Joel and Bellemare, Marc G and Graves, Alex and Riedmiller, Martin and Fidjeland, Andreas K and Ostrovski, Georg and others},
  title     = {Human-level control through deep reinforcement learning},
  journal   = {Nature},
  year      = {2015},
  volume    = {518},
  number    = {7540},
  pages     = {529},
  publisher = {Nature Publishing Group},
}